<record><leader>00000cas a2200000 a 4500</leader><controlfield tag="001">42338389</controlfield><controlfield tag="007">hd afu---bucu</controlfield><controlfield tag="008">820723d18721874waudn nea     0   a0eng c</controlfield><datafield ind1=" " ind2=" " tag="010"><subfield code="a">  2004252373</subfield></datafield><datafield ind1=" " ind2=" " tag="040"><subfield code="a">Wa</subfield><subfield code="b">eng</subfield><subfield code="c">WRJ</subfield><subfield code="d">OCL</subfield><subfield code="d">WAU</subfield><subfield code="d">OCLCQ</subfield><subfield code="d">OCLCF</subfield><subfield code="d">OCLCO</subfield><subfield code="d">OCLCQ</subfield></datafield><datafield ind1=" " ind2=" " tag="042"><subfield code="a">pcc</subfield></datafield><datafield ind1=" " ind2=" " tag="043"><subfield code="a">n-us-wa</subfield></datafield><datafield ind1="0" ind2=" " tag="082"><subfield code="a">071.9779</subfield><subfield code="2">19</subfield></datafield><datafield ind1="0" ind2="0" tag="245"><subfield code="a">Puget Sound daily courier.</subfield></datafield><datafield ind1="3" ind2="0" tag="246"><subfield code="a">Daily courier</subfield></datafield><datafield ind1="3" ind2=" " tag="246"><subfield code="a">Daily Puget Sound courier</subfield></datafield><datafield ind1="1" ind2="3" tag="246"><subfield code="a">Daily evening courier</subfield></datafield><datafield ind1=" " ind2=" " tag="260"><subfield code="a">Olympia, Wash. Territory :</subfield><subfield code="b">Puget Sound Print. Co.,</subfield><subfield code="c">1872-1874.</subfield></datafield><datafield ind1=" " ind2=" " tag="300"><subfield code="a">3 volumes :</subfield><subfield code="b">illustrations</subfield></datafield><datafield ind1=" " ind2=" " tag="310"><subfield code="a">Daily (except Sundays)</subfield></datafield><datafield ind1=" " ind2=" " tag="336"><subfield code="a">text</subfield><subfield code="b">txt</subfield><subfield code="2">rdacontent</subfield></datafield><datafield ind1=" " ind2=" " tag="337"><subfield code="a">microform</subfield><subfield code="b">h</subfield><subfield code="2">rdamedia</subfield></datafield><datafield ind1=" " ind2=" " tag="338"><subfield code="a">microfilm reel</subfield><subfield code="b">hd</subfield><subfield code="2">rdacarrier</subfield></datafield><datafield ind1="0" ind2=" " tag="362"><subfield code="a">Vol. 1, no. 1 (Jan. 1, 1872)-v. 3, no. 308 (Dec. 31, 1874).</subfield></datafield><datafield ind1=" " ind2=" " tag="500"><subfield code="a">The words "Puget Sound" appear over the masthead ornament.</subfield></datafield><datafield ind1=" " ind2=" " tag="500"><subfield code="a">The "Daily olympian" was a replacement for the period of suspension of the Puget Sound daily courier between Jan. 1875 and Mar. 2, 1877, when it resumed as the Daily courier.</subfield></datafield><datafield ind1=" " ind2=" " tag="533"><subfield code="a">Microfilm.</subfield><subfield code="b">Olympia, Wash. :</subfield><subfield code="c">Washington State Library ;</subfield><subfield code="b">[Wooster, Ohio :</subfield><subfield code="c">Bell &amp; Howell, Micro Photo Division distributor],</subfield><subfield code="d">1951.</subfield><subfield code="e">3 microfilm reels ; 35 mm.</subfield><subfield code="n">Filmed with: Daily courier (Olympia, Wash.).</subfield></datafield><datafield ind1=" " ind2="0" tag="651"><subfield code="a">Olympia (Wash.)</subfield><subfield code="v">Newspapers.</subfield></datafield><datafield ind1=" " ind2="7" tag="651"><subfield code="a">Washington (State)</subfield><subfield code="z">Olympia.</subfield><subfield code="2">fast</subfield><subfield code="0">(OCoLC)fst01206098</subfield></datafield><datafield ind1=" " ind2="7" tag="655"><subfield code="a">Newspapers.</subfield><subfield code="2">fast</subfield><subfield code="0">(OCoLC)fst01423814</subfield></datafield><datafield ind1=" " ind2=" " tag="752"><subfield code="a">United States</subfield><subfield code="b">Washington</subfield><subfield code="c">Thurston</subfield><subfield code="d">Olympia.</subfield></datafield><datafield ind1="0" ind2=" " tag="775"><subfield code="a">Puget Sound weekly courier</subfield><subfield code="w">(OCoLC)42339989</subfield></datafield><datafield ind1="1" ind2=" " tag="776"><subfield code="c">Original</subfield><subfield code="w">(DLC)sn 85033327</subfield><subfield code="w">(OCoLC)11876675</subfield></datafield><datafield ind1="0" ind2="0" tag="785"><subfield code="t">Daily courier (Olympia, Wash.)</subfield><subfield code="g">Mar. 2, 1877</subfield><subfield code="w">(DLC)  2004252374</subfield><subfield code="w">(OCoLC)42338347</subfield></datafield><datafield ind1="1" ind2=" " tag="029"><subfield code="a">AU@</subfield><subfield code="b">000026493704</subfield></datafield></record>